<?xml version="1.0" encoding="UTF-8"?>
<record xmlns="http://www.loc.gov/MARC21/slim">
  <leader>02560nam a2200397 a 4500</leader>
  <controlfield tag="001">cihm_33506</controlfield>
  <controlfield tag="003">CaSfIA</controlfield>
  <controlfield tag="005">20151008010651.0</controlfield>
  <controlfield tag="007">cr||||||||||||</controlfield>
  <controlfield tag="008">840301s1829    fr be   b     000 0 fre d</controlfield>
  <datafield tag="020" ind1=" " ind2=" ">
    <subfield code="a">0665335067</subfield>
  </datafield>
  <datafield tag="035" ind1=" " ind2=" ">
    <subfield code="a">ocm77433847</subfield>
  </datafield>
  <datafield tag="040" ind1=" " ind2=" ">
    <subfield code="a">CaOOCIHM</subfield>
    <subfield code="b">fre</subfield>
    <subfield code="d">AEU</subfield>
    <subfield code="d">CaSfIA</subfield>
  </datafield>
  <datafield tag="043" ind1=" " ind2=" ">
    <subfield code="a">n-usl--</subfield>
    <subfield code="a">n-cn-on</subfield>
    <subfield code="a">n-cn-qu</subfield>
  </datafield>
  <datafield tag="082" ind1="0" ind2=" ">
    <subfield code="a">917.304</subfield>
    <subfield code="2">19</subfield>
  </datafield>
  <datafield tag="090" ind1=" " ind2=" ">
    <subfield code="a">FC 02 0203 no. 33506</subfield>
    <subfield code="b">AEU</subfield>
  </datafield>
  <datafield tag="100" ind1="1" ind2=" ">
    <subfield code="a">Davison, Gideon M.</subfield>
    <subfield code="q">(Gideon Miner),</subfield>
    <subfield code="d">1791-1869.</subfield>
  </datafield>
  <datafield tag="245" ind1="1" ind2="0">
    <subfield code="a">Tournée à la mode dans les Etats-Unis ou Voyage de Charleston à Québec et d'Albany à Boston, par la route de Philadelphie, New-York, Saratoga, Ballston-Spa, Montréal, et autres villes ou lieux remarquables</subfield>
    <subfield code="h">[electronic resource] </subfield>
    <subfield code="b">contenant des particularités intéressantes sur les événemens [sic] relatifs à l'établissement et à l'histoire de ces contrées, notamment sur les guerres du Canada entre les Français et les Anglais, sur la guerre de l'indépendance américaine, sur celle de 1812 à 1815 ; des détails circonstanciés sur la fameuse bataille de Saratoga, extraits des Mémoires récemment publiés par le général Wilkinson, témoin oculaire ; ainsi que sur la bataille de la Nouvelle-Orléans, et sur la nature et les propriétés des eaux minérales de Ballston et de Saratoga ; avec une carte topographique pour l'intelligence des lieux mentionnés dans cet itinéraire /</subfield>
    <subfield code="c">traduit de l'anglais, avec notes et additions par M. Bourgeois.</subfield>
  </datafield>
  <datafield tag="260" ind1=" " ind2=" ">
    <subfield code="a">Paris :</subfield>
    <subfield code="b">A. Bertrand,</subfield>
    <subfield code="c">1829.</subfield>
  </datafield>
  <datafield tag="300" ind1=" " ind2=" ">
    <subfield code="a">3 microfiches (113 images) :</subfield>
    <subfield code="b">carte, plan.</subfield>
  </datafield>
  <datafield tag="490" ind1="1" ind2=" ">
    <subfield code="a">CIHM/ICMH Microfiche series = CIHM/ICMH collection de microfiches ;</subfield>
    <subfield code="v">no. 33506</subfield>
  </datafield>
  <datafield tag="500" ind1=" " ind2=" ">
    <subfield code="a">Traduction de: The fashionable tour.</subfield>
  </datafield>
  <datafield tag="500" ind1=" " ind2=" ">
    <subfield code="a">Le nom de l'auteur provient des éditions anglaises.</subfield>
  </datafield>
  <datafield tag="500" ind1=" " ind2=" ">
    <subfield code="a">Tables.</subfield>
  </datafield>
  <datafield tag="533" ind1=" " ind2=" ">
    <subfield code="a">Microfiche de l'exemplaire de l'édition originale se trouvant à la Bibliothèque nationale du Canada.</subfield>
    <subfield code="b">Ottawa :</subfield>
    <subfield code="c">Institut canadien de microreproductions historiques,</subfield>
    <subfield code="d">1982.</subfield>
  </datafield>
  <datafield tag="534" ind1=" " ind2=" ">
    <subfield code="e">viii, 199 p., [1] feuillet de planches : carte, plan ; 21 cm.</subfield>
  </datafield>
  <datafield tag="596" ind1=" " ind2=" ">
    <subfield code="a">43</subfield>
  </datafield>
  <datafield tag="651" ind1=" " ind2="6">
    <subfield code="a">États de l'Atlantique (États-Unis)</subfield>
    <subfield code="x">Descriptions et voyages</subfield>
    <subfield code="x">Guides.</subfield>
  </datafield>
  <datafield tag="651" ind1=" " ind2="6">
    <subfield code="a">Ontario</subfield>
    <subfield code="x">Descriptions et voyages</subfield>
    <subfield code="x">Guides.</subfield>
  </datafield>
  <datafield tag="651" ind1=" " ind2="6">
    <subfield code="a">Québec (Province)</subfield>
    <subfield code="x">Descriptions et voyages</subfield>
    <subfield code="x">Guides.</subfield>
  </datafield>
  <datafield tag="651" ind1=" " ind2="0">
    <subfield code="a">Atlantic States</subfield>
    <subfield code="v">Guidebooks.</subfield>
  </datafield>
  <datafield tag="651" ind1=" " ind2="0">
    <subfield code="a">Ontario</subfield>
    <subfield code="v">Guidebooks.</subfield>
  </datafield>
  <datafield tag="651" ind1=" " ind2="0">
    <subfield code="a">Québec (Province)</subfield>
    <subfield code="v">Guidebooks.</subfield>
  </datafield>
  <datafield tag="830" ind1=" " ind2="0">
    <subfield code="a">CIHM/ICMH microfiche series ;</subfield>
    <subfield code="v">no. 33506</subfield>
  </datafield>
  <datafield tag="856" ind1="4" ind2="1">
    <subfield code="u">http://archive.org/details/cihm_33506</subfield>
    <subfield code="z">Free eBook from the Internet Archive</subfield>
  </datafield>
  <datafield tag="856" ind1="4" ind2="2">
    <subfield code="u">http://www.openlibrary.org/books/OL24344329M</subfield>
    <subfield code="z">Additional information and access via Open Library</subfield>
  </datafield>
  <datafield tag="016" ind1=" " ind2=" ">
    <subfield code="a"> 846204703</subfield>
  </datafield>
</record>
